3259 5242
260 682 350 758 viris
368 680 479 754 doctis
493 680 599 754 venit
645 676 775 750 Nostra
790 678 930 752 demum
949 687 1060 754 aetate
1072 649 1277 771 prulensis·

149 815 150 818 ¹
260 801 299 861 et
322 788 474 858 severius
496 783 709 880 antiquitatis
727 779 875 853 studium
890 777 1059 872 successit,
1085 779 1144 858 etss
1161 798 1196 854 et
1211 785 1277 856 hou

261 911 329 984 per
356 890 452 960 varia
475 885 688 957 deverticula
710 888 753 960 ad
784 907 922 960 errores
946 907 1085 986 quoque
1114 882 1278 976 delatum,

260 987 302 1079 pt
322 1003 554 1064 tamennunc
577 989 635 1060 via
657 1011 741 1059 vera
762 1000 798 1057 et
819 1001 932 1076 recta,
961 1011 1028 1084 qua
1049 989 1280 1062 incedendum
1416 1035 1424 1058 t

261 1086 323 1176 fit,
347 1093 429 1165 satis
450 1087 686 1180 intelligenter
709 1102 744 1160 et
759 1105 918 1162 accurate
934 1087 973 1160 fit
993 1089 1171 1179 descripta.
1223 1093 1281 1164 Ex
1377 1141 1380 1146 ,

262 1220 335 1294 quo
352 1196 467 1281 enim,
492 1183 834 1264 Addisonh'maxime
853 1208 1058 1282 praeeunte,
1085 1194 1178 1264 inter
1194 1216 1281 1267 non·

260 1297 359 1374 nulla
388 1302 550 1368 veterum
574 1302 756 1384 poetarum
787 1292 865 1368 loca
887 1307 922 1368 ct
949 1297 1042 1367 inter
1065 1318 1171 1385 opera
1193 1297 1282 1369 anti·

263 1423 353 1499 quae
371 1401 454 1471 artis
476 1396 663 1470 similitudo
678 1394 795 1493 aliqua
815 1397 874 1492 seu
898 1400 1090 1488 argumenti
1106 1398 1164 1470 seu
1179 1421 1283 1470 orna·

149 1563 150 1568 ,
262 1516 470 1578 mentorum
485 1497 533 1573 est
549 1499 801 1582 animadversa,
827 1511 1016 1596 natumque
1034 1502 1114 1571 inde
1130 1498 1281 1574 studium

149 1604 150 1607 ’
265 1603 457 1678 illustrandi
488 1625 533 1678 ex
564 1603 619 1674 his
649 1608 767 1692 poetas
789 1604 984 1674 Romanos:
1016 1600 1119 1676 subiit
1138 1603 1325 1696 ingenia·

265 1709 442 1800 sagaciora
463 1695 712 1778 animadverso
728 1700 884 1776 subtilior
904 1706 1119 1798 cognationis
1134 1703 1281 1780 alicuius

149 1822 150 1827 ’
261 1815 360 1887 inter
381 1820 496 1895 artes,
529 1828 549 1876 e
573 1802 868 1897 materialidonea
894 1806 1046 1900 fingendi
1067 1831 1187 1880 rerum
1210 1809 1281 1891 for·

261 1937 373 2005 mas,⁴
392 1922 427 1983 et
460 1911 595 1984 easdam
629 1909 783 1982 carmine
821 1911 1055 2000 exprimendir
1090 1907 1282 2008 quaesitum
1392 1897 1400 1920 ⁸

261 2018 347 2090 inde
373 2013 420 2085 est
434 2016 475 2086 de
489 2007 618 2098 finibus
633 2011 813 2108 utriusque
831 2013 928 2111 artis;
951 2011 1129 2086 excultum
1146 2015 1283 2100 interea

264 2117 467 2206 diligentins
488 2115 522 2187 id
547 2111 783 2206 philosophiae
802 2111 970 2202 lludiom,
996 2117 1088 2213 quod
1108 2116 1283 2190 adsensus

265 2234 305 2292 et
325 2215 536 2310 phantafiam
561 2218 705 2306 spectat3
742 2214 851 2286 altera
883 2240 929 2288 ex
953 2231 1050 2306 parte
1074 2239 1283 2312 graecarum
1310 2223 1312 2231 “

149 2342 150 2348 ’
264 2323 463 2411 litterarum
493 2317 641 2393 lludium
680 2321 832 2404 doctius,
874 2309 1069 2408 liberalius,
1109 2322 1282 2418 latiusque

263 2439 414 2517 patenS,
441 2419 704 2507 ellsubortum,
727 2433 762 2492 et
791 2423 995 2512 prodierunt
1017 2423 1083 2496 viri
1104 2423 1285 2510 immortar

149 2536 150 2539 ’
266 2529 355 2613 le5,.
378 2526 467 2598 alter
489 2521 780 2620 winckelma'nn,
811 2523 872 2618 qui
895 2523 1027 2596 litteras
1050 2517 1209 2622 antiquas
1229 2547 1284 2596 ao

263 2630 424 2708 curatius
449 2647 496 2702 ex
517 2628 705 2698 Germania
725 2627 839 2701 serunt
862 2625 1043 2714 attulerat,
1077 2625 1181 2714 alter,
1197 2685 1200 2692 .
1214 2630 1284 2714 Co,-

259 2755 346 2816 anes
368 2734 412 2801 de
437 2728 585 2826 euplus,
617 2729 679 2825 qui
699 2728 827 2801 artium
852 2729 1001 2830 ipsarum
1023 2733 1283 2807 trrctandarom
1323 2739 1329 2754 “

266 2834 426 2909 rationes
450 2844 484 2902 et
507 2834 630 2926 modos
650 2853 775 2922 magna
799 2828 844 2900 ex
867 2844 963 2919 parte
978 2830 1136 2914 tenebat,
1163 2834 1212 2904 ita
1226 2835 1286 2906 de·
1351 2845 1353 2852 '

266 2939 378 3034 nique
393 2935 662 3021 animadversum
683 2933 747 3020 est,
770 2929 924 3027 studium
936 2937 1168 3028 antiquitatis,
1190 2937 1285 3032 quod
1310 2956 1317 2982 ⁸
1347 2955 1355 2973 ·
1383 2989 1386 2996 .
1481 2951 1482 2962 ¹

268 3054 370 3116 tanto
394 3038 536 3122 nomine
558 3039 700 3127 dignum
725 3031 782 3122 fit,
806 3033 1047 3137 collocandum
1066 3037 1129 3110 elle
1145 3038 1181 3108 ih
1198 3037 1299 3112 auti·'

266 3164 426 3242 „quorum
449 3162 593 3229 operum
616 3138 765 3213 inventis
787 3147 881 3214 recte
905 3137 1114 3233 assequendis
1129 3139 1285 3224 et'inter·
1359 3185 1361 3190 ·

263 3243 471 3337 ,pretendis5
495 3258 570 3311 tum
592 3241 629 3311 in
657 3242 881 3328 expendenda
906 3241 1036 3314 inventi
1052 3237 1287 3318 adumbratio·
1367 3301 1371 3308 .

271 3369 318 3420 ne
352 3359 388 3415 ct
409 3345 633 3428 tractatione,
660 3353 695 3413 ot
718 3342 754 3412 in
778 3343 910 3434 ingenii
934 3345 1104 3438 artisque,
1130 3345 1167 3418 in
1184 3368 1313 3436 argio„

270 3461 395 3522 mento
418 3442 507 3518 bene
530 3460 647 3516 mente
668 3456 855 3535 conceptu,
880 3465 985 3516 manu
1007 3445 1096 3532 berae
1116 3445 1300 3534 exhibito„

271 3551 444 3631 felicitate
467 3547 690 3634 declaranda3
707 3548 887 3618 ,accedere
914 3570 1039 3622 novam
1068 3547 1205 3622 laudem
1225 3573 1287 3624 an·
1344 3605 1371 3632 ·.

272 3656 365 3751 tiqui
395 3652 507 3746 operis
529 3651 728 3741 interpreti,
757 3647 782 3720 si
804 3672 845 3720 eo
870 3651 1032 3740 progredi
1048 3649 1168 3736 liceat,
1197 3664 1233 3721 ut
1249 3655 1286 3728 in
1371 3731 1374 3737 ,

272 3747 449 3830 artificum
470 3752 835 3844 nostrorumgratiam
860 3770 1073 3844 exponatur,
1100 3774 1287 3849 quamnam

267 3855 337 3954 ffipsr
354 3853 539 3928 utilitatem
563 3879 609 3937 ex
631 3851 694 3928 tali
709 3876 814 3948 opere
834 3875 955 3941 capere
972 3851 1105 3944 poffint.
1158 3849 1288 3946 Nuper

273 3960 422 4058 quidem
454 3957 622 4044 extitere,
661 3957 722 4053 qui
748 3954 919 4029 artificum
947 3958 1111 4049 ingenia,
1138 3950 1290 4054 quorum

273 4063 391 4135 omnis
416 4059 488 4151 vis,
514 4060 655 4131 fortuna
678 4070 713 4128 et
735 4059 955 4152 praestantia,
979 4061 1015 4132 in
1040 4058 1235 4149 phantasiae
1250 4064 1290 4153 li·

274 4164 362 4236 bere
388 4159 559 4238 evolantis
574 4153 620 4232 ‘et
640 4176 807 4258 tanquam
826 4161 968 4252 desuper
985 4163 1177 4233 universam
1193 4177 1293 4241 natu·
1330 4171 1332 4179 “

271 4291 352 4364 ram
367 4263 575 4370 speculantis
590 4266 736 4358 impeto,
750 4263 1057 4362 incalescentisque
1076 4277 1111 4335 et
1125 4273 1292 4364 tanquam
