3259 5242
346 571 501 637 Ἤ,

357 736 497 818 patens,
530 725 630 802 cuius
649 737 766 800 tameo
790 747 871 815 pars
894 723 942 798 est
968 665 1189 812 nobilillinrc,
1220 729 1371 830 quaein

247 896 253 914 ,
360 831 524 927 antiquae
547 835 630 904 artis
654 827 808 928 reliquiis
835 841 870 901 et
890 827 1107 922 fragmentis
1129 833 1374 925 cognoscendis

197 1021 200 1028 Ι
244 981 248 988 -
362 946 397 1005 et
412 931 618 1007 illustrandis
640 943 806 1022 occupata
829 929 894 1020 ell3
920 933 1115 1022 proiectum
1139 935 1216 1008 sane
1242 948 1277 1006 et
1303 936 1374 1006 hoc

361 1055 383 1109 a
402 1032 564 1108 tenuibus
579 1035 777 1126 primordiis
794 1047 830 1106 et
851 1055 871 1106 a
888 1031 1067 1110 conatibus
1083 1037 1195 1108 caecis
1213 1050 1248 1108 et
1263 1038 1375 1108 incer·

359 1139 405 1209 tis
419 1150 620 1236 temereque
650 1138 757 1228 captis
779 1151 815 1206 et
836 1135 1005 1226 institutip.
1083 1140 1375 1236 Quandoquidem

360 1242 455 1316 enim
479 1242 699 1332 ingeniorum
722 1237 994 1312 excolendorum
1016 1239 1120 1330 primi
1143 1241 1284 1314 inmites
1315 1243 1374 1312 du·

360 1343 411 1414 cti
431 1341 610 1416 lucrante
633 1337 855 1433 scriptoribus
878 1343 1044 1437 antiquis,
1069 1340 1183 1414 latinis
1209 1345 1375 1426 maxime,

360 1443 527 1536 legendis·
547 1448 589 1518 ad
617 1445 812 1518 sermonem
842 1437 986 1514 latinum
1015 1445 1135 1516 titulos
1159 1467 1376 1518 marmorum
1420 1493 1422 1500 ·

357 1569 522 1640 magnam
545 1546 730 1619 utilitatem
755 1542 887 1616 habere
910 1543 1124 1618 intellectum
1143 1543 1199 1618 est.
1251 1554 1377 1643 ltaque

358 1649 398 1722 in
416 1653 687 1744 inscriptionibus
708 1646 910 1738 colligendis
933 1650 1116 1724 doctorum
1132 1651 1289 1721 virorum
1307 1649 1376 1722 stu·

298 1776 302 1785 ·
360 1755 458 1823 dium
484 1746 764 1843 prinio‘exarlit,
792 1773 877 1821 mox
905 1747 989 1820 illud
1013 1745 1169 1840 procellit
1191 1755 1232 1822 ad
1253 1775 1376 1823 numo·

276 1865 279 1873 ’
360 1877 443 1936 rum
456 1856 577 1940 titulos
594 1869 629 1928 et
645 1855 799 1926 historias
814 1853 851 1924 in
867 1851 909 1926 ils
931 1852 1130 1944 expressas',
1143 1867 1218 1926 tum
1233 1858 1274 1928 ad
1291 1859 1379 1926 ima·

358 1960 454 2051 ginis
472 1970 506 2028 et
523 1961 564 2052 ad
571 1957 666 2055 fignn
673 1983 688 2042 ,-
716 1977 866 2052 cumque
891 1978 933 2026 ea
955 1979 1011 2028 res
1029 1959 1111 2030 haut
1127 1956 1379 2030 ollet'iortuna-

360 2081 442 2132 rum
465 2061 694 2149 privatarum,
718 2059 895 2146 superiore
918 2055 1051 2130 saeculo
1075 2059 1253 2146 ct'huius,
1281 2062 1378 2155 quod

359 2185 456 2236 nunc
482 2162 558 2233 fere
579 2163 728 2251 elaplom
753 2159 822 2248 cll,
845 2159 968 2232 saeculi
990 2174 1087 2252 parte
1109 2163 1244 2251 priore,
1270 2163 1376 2252 pleri·

360 2288 431 2361 que
448 2269 540 2337 intra
552 2263 780 2358 supellectilem
799 2265 1030 2358 antiquarium
1050 2263 1081 2338 le
1105 2265 1374 2354 continuerunt3

359 2369 557 2442 recentiore
576 2383 687 2460 aetate
708 2387 918 2462 gemmarum
941 2361 1087 2438 studium
1102 2365 1334 2456 ic‘alptarum
1325 2392 1376 2440 ιιι·
1484 2357 1485 2432 j

361 2453 515 2562 crebuit,
537 2472 751 2543 nuncetiam
757 2467 927 2566 vasorum
939 2467 1115 2588 pictorum
1167 2471 1292 2560 Quod'
1283 2479 1378 2542 rotet

360 2549 450 2647 baec
474 2573 633 2654 mireris,
662 2571 728 2662 eli,
747 2573 873 2692 qnod,¹
901 2593 980 2642 cum
1013 2572 1049 2646 in
1073 2573 1201 2644 ινιίιιιιι
1223 2575 1376 2668 operibus

360 2677 431 2750 hoc
444 2677 657 2772 antiquitatis
671 2669 819 2746 studium
835 2675 1042 2762 versaretur,
1078 2677 1138 2746 diu
1156 2689 1273 2748 tamen
1290 2673 1376 2750 illud
1483 2689 1484 2752 3

360 2778 424 2863 virs
451 2775 541 2851 ultra
563 2781 683 2850 doctae
707 2776 850 2851 alicuius
874 2775 1057 2870 industriae
1074 2775 1211 2850 laudem
1235 2776 1282 2850 est
1296 2800 1376 2870 pro·

361 2872 529 2970 grellurn,
554 2905 619 2954 uec
642 2879 744 2952 lacile
772 2877 857 2953 illud
880 2877 947 2951 five
970 2883 1011 2950 ad
1037 2877 1137 2970 ipsius
1153 2881 1235 2952 artic
1250 2883 1286 2954 in
1304 2880 1374 2972 pri·

360 2985 427 3072 icis
459 2981 622 3076 operibus
650 2982 850 3072 conspicuae
887 2982 1214 3077 contemplationem
1240 2996 1274 3054 ct
1296 2979 1375 3052 illu·

360 3083 581 3182 strationem,
604 3083 671 3161 five
699 3088 739 3155 ad
755 3087 894 3176 ingenia
911 3087 953 3156 ad
973 3086 1150 3179 antiquam
1167 3085 1377 3178 elegantiam

361 3202 397 3270 et
413 3187 664 3280 limplicitatem
686 3185 846 3280 fingenda
869 3183 916 3257 est
935 3188 1138 3260 conversum
1162 3201 1220 3260 aut
1244 3185 1377 3260 adhibi·
1481 3231 1482 3276 q

161 3318 166 3327 ·
250 3350 298 3371 ,,
360 3299 458 3378 tunm
491 3291 558 3362 viri
582 3290 674 3362 enim
698 3290 844 3377 eruditi,
887 3290 1077 3385 quigopera
1104 3290 1188 3362 artis
1212 3291 1376 3386 antiquae

361 3393 498 3483 magnis
531 3387 765 3464 voluminibus
797 3392 1045 3482 proposuerunt
1075 3405 1110 3462 et
1146 3390 1374 3480 illustrarunt,

360 3495 430 3571 boc
452 3495 604 3567 maxime
627 3509 791 3586 egerunt,
826 3507 865 3564 ut
889 3507 949 3566 aut
971 3491 1167 3566 utenfilium
1191 3506 1227 3564 ct
1250 3491 1375 3566 inlitu·

250 3631 262 3672 .·
360 3612 563 3672 mentorum
588 3595 720 3670 iormaa
752 3620 833 3668 cum
856 3597 972 3670 latinis
997 3595 1172 3696 vocabulis
1193 3615 1373 3688 compara·

361 3713 442 3780 tent
465 3703 563 3773 etad
586 3696 664 3772 loca
686 3709 844 3772 veterum
867 3700 1113 3786 transferrent,
1140 3713 1199 3772 aut
1216 3695 1373 3771 historias
1479 3709 1480 3750 l

232 3878 238 3894 s
360 3814 397 3875 et
413 3800 564 3888 fabulas,
590 3800 728 3874 aliare
720 3825 755 3874 ιιι
777 3799 996 3906 scriptoribus
1020 3803 1257 3888 occurrentia,
1292 3825 1374 3874 ourn

257 3961 261 3972 ‚
358 3903 479 3998 liguris
507 3905 658 4000 antiquis
687 3918 947 3996 compararent3
984 3909 1076 4000 quod
1100 3917 1218 3978 autem
1251 3926 1310 3990 ea,
1338 3907 1374 3974 in

358 4005 486 4104 quibus
501 4004 649 4078 studium
664 4009 760 4108 suum
777 4001 1008 4090 exercebant,
1032 4030 1138 4098 opera
1157 4019 1258 4080 erent
1275 4005 1375 4090 creir,

357 4112 519 4229 quodque
534 4130 593 4180 ors
609 4101 721 4199 primo
738 4108 847 4180 loco
832 4129 870 4178 ιιι
881 4112 927 4178 iis
943 4122 1019 4184 erat
1027 4111 1236 4202 spectanda,
1264 4130 1375 4206 eaque

356 4211 453 4283 iniis
479 4209 640 4300 illustrari
664 4205 853 4294 debebant,
879 4233 966 4308 quac
995 4213 1262 4298 adinventum,
1290 4214 1375 4284 iudi·

252 4393 258 4407 ,
355 4314 449 4390 cium
467 4326 502 4388 ct
520 4313 730 4416 elegantiam
750 4315 903 4410 spectant
910 4365 922 4408 ,
943 4337 988 4390 oe
1011 4317 1220 4392 inanimum
1237 4318 1374 4414 quidem
