3259 5242
359 569 427 628 xvt
447 555 472 635 ‘.
608 564 610 571 '
755 628 760 636 Ι

304 759 308 767 ·
353 737 401 803 ,ut
426 721 545 815 plena,
570 634 798 820 syllematica‚
826 730 861 795 et
883 723 1046 802 methodo
1074 721 1167 798 sacili
1184 665 1380 826 composta
1470 743 1471 772 ³

356 825 595 912 tristitudo,
622 827 697 908 satis
718 827 931 915 respondeat.
983 828 1220 902 Discernenda
1235 831 1336 900 sunt'
1328 853 1378 900 rn-

358 944 419 1007 ter
432 932 466 1002 se
488 928 571 1014 alia,
598 951 686 1022 quae
711 932 753 999 ad
775 929 880 1018 ipsam
906 928 1155 1022 institutionem
1175 935 1312 1022 proprie
1327 934 1386 1022 die

360 1046 453 1105 ctam
476 1032 644 1120 spectante
668 1030 745 1114 alia,
769 1052 858 1126 quae
880 1049 1078 1120 apparatum
1103 1035 1303 1112 notitiarum
1332 1035 1375 1107 ed
1476 1077 1478 1090 ·

355 1157 547 1215 nemorum
582 1129 852 1223 intelligentiam
882 1133 1143 1206 necessariarum
1172 1149 1207 1222 et
1236 1121 1375 1211 utilium
1476 1181 1478 1226 3

214 1332 217 1341 Ι
265 1313 267 1315 ,
360 1235 654 1326 complectentem
695 1238 751 1305 hic
773 1236 887 1323 potius
910 1260 929 1304 e
954 1232 1051 1306 libris
1074 1217 1297 1308 auxiliaribus
1328 1236 1375 1308 est

330 1335 548 1436 petendos,
575 1360 723 1434 quorum
748 1336 855 1410 iustus
885 1361 1050 1409 numerus
1074 1344 1116 1410 ed
1140 1361 1282 1412 manum
1308 1339 1373 1410 esse

356 1441 481 1529 debet,
511 1455 589 1525 aut,
623 1437 824 1535 stnondnm
852 1439 930 1511 talis
957 1437 1046 1512 liber
1071 1437 1186 1520 extat,
1215 1449 1293 1512 'cum
1313 1446 1373 1514 do·
1477 1491 1478 1536 ι

355 1539 470 1626 ,ctrina
497 1556 656 1614 accurata
690 1553 725 1614 et
751 1541 880 1612 iudicio
912 1539 1027 1614 subtili
1055 1541 1285 1616 conficiendos
1317 1541 1374 1618 est.
1477 1575 1478 1626 3

355 1646 414 1722 Est
436 1649 474 1716 in
497 1653 549 1715 his
570 1663 708 1739 quoque
730 1645 946 1739 geographiae
970 1649 1224 1726 rtumirtnntirne
1248 1663 1374 1738 magna

356 1749 453 1842 laus,
479 1752 576 1838 (nem
591 1747 853 1838 chronologiam
881 1750 1043 1836 adipsum
1065 1747 1371 1841 historiamque-2

349 1848 706 1934 diumreserimusl,
745 1848 906 1937 inprimis
938 1873 1017 1920 curn
1048 1851 1084 1921 in
1104 1851 1227 1928 multis
1255 1853 1372 1946 nornis
1477 1903 1478 1948 ,

269 2034 274 2040 ,
356 1948 547 2043 multarum
586 1950 724 2024 urbium
773 1947 994 2026 obscurarum
1043 1954 1166 2026 notitia
1203 1968 1373 2026 occurrat.
1401 2029 1409 2048 μ

356 2059 574 2160 Prospexere
594 2057 648 2126 his
669 2055 860 2127 commodis
884 2049 983 2138 libri,
1009 2055 1068 2151 qui
1090 2057 1298 2148 numismata
1317 2081 1373 2128 ur·

337 2159 453 2247 'bium
478 2169 512 2226 et
538 2146 752 2230 coloniarum
776 2154 958 2243 exhibent,
985 2168 1061 2228 tum
1085 2140 1254 2230 Eclthel
1245 2181 1278 2228 m
1296 2163 1372 2230 Do·

355 2262 467 2339 ctrina
481 2261 700 2342 Numorumr
725 2281 835 2350 nuper
850 2281 987 2408 quoqne
1014 2256 1103 2336 liber
1119 2259 1295 2356 singularis
1315 2284 1371 2334 ιιι·

355 2360 592 2454 oeffitSestini.
1364 2421 1370 2433 .

355 2640 359 2651 ,
456 2558 652 2638 Secundum
682 2560 932 2638 lirslitutionem
950 2549 1236 2642 ¹numismatice'm
1266 2567 1369 2660 resta7

353 2667 432 2754 bat,
455 2681 494 2739 ut
509 2666 689 2753 existeret,
716 2671 777 2765 qui
804 2671 1151 2764 omnem'doctrinam
1167 2674 1209 2740 ad
1224 2665 1368 2765 systema

246 2805 248 2811 s
353 2773 486 2865 aliquod
502 2781 697 2856 'revocaret
721 2772 897 2858 omniurn,
925 2773 985 2868 qui
1000 2775 1109 2842 adhuc
1126 2773 1366 2860 innotuerunt

335 2870 540 2953 'numerum
556 2824 733 2971 recensum
750 2875 907 2945 criticum
925 2872 1131 2959 institueret,
1155 2895 1278 2946 numos
1295 2897 1369 2946 cer·
1370 2871 1373 2879 ’

352 2992 410 3063 tos
432 2999 472 3048 ac
499 2976 668 3067 genuinop,
692 2959 733 3048 ad
755 2977 830 3051 snas
846 2973 960 3048 classes
977 2993 1009 3048 et
1026 2979 1165 3046 ordines
1180 2978 1366 3072 redigeret,
1477 2977 1478 3052 ζ

234 3106 238 3125 ¹
352 3101 398 3150 ex
420 3075 681 3168 animadversis,
709 3079 882 3169 disputatis
907 3093 941 3148 et
966 3080 1091 3150 notatis
1110 3077 1152 3150 ab
1169 3065 1371 3173 incredibili,
1477 3143 1478 3160 ,

350 3181 552 3299 scriptorum
578 3203 743 3263 numero,
767 3180 916 3267 criticis,
942 3177 1126 3265 historiole,
1160 3183 1366 3271 geographi·
1384 3249 1390 3264 ,

351 3287 413 3369 eir,
439 3282 703 3372 chronologicis,
728 3280 902 3377 mythicir,
927 3283 1161 3372 grammaticis
1185 3305 1244 3364 ea,
1272 3305 1363 3376 quae

232 3457 234 3463 .
349 3382 611 3476 probatasunt,
633 3395 838 3473 congereret
860 3396 895 3456 et
908 3387 1087 3474 perspicue
1110 3383 1263 3484 exposita
1286 3407 1368 3474 pro,

347 3500 518 3590 poneret,
542 3487 753 3580 omninoque
769 3500 899 3558 certam
914 3489 1083 3558 rationem
1107 3487 1379 3578 cognoscendae·

350 3605 386 3662 et
400 3591 598 3710 traqtandae
614 3590 666 3660 rei
679 3590 938 3660 numismaticae
955 3591 991 3658 in
1006 3589 1160 3660 medium
1178 3588 1365 3706 proferret,
1477 3653 1478 3668 ,

317 3668 502 3781 „conditis
530 3693 722 3780 praeceptis
751 3687 991 3782 generalibus,
1032 3707 1066 3761 et
1101 3689 1285 3762 observatis
1311 3692 1365 3778 iis,
1477 3729 1478 3748 ι

349 3817 437 3893 quae
463 3795 589 3889 cuique
611 3817 797 3866 numerum
822 3795 941 3884 generi
965 3807 999 3872 et
1016 3789 1135 3864 classis
1121 3795 1195 3864 sunt
1211 3795 1363 3908 propria.
1477 3801 1478 3882 l

346 3904 399 3970 Ad
424 3910 558 3970 tantum
585 3918 673 3984 opus
706 3894 952 3984 perficiendum
977 3885 1268 3993 requirebatur
1236 3919 1291 3968 ιιι
1306 3917 1363 3994 var

344 4002 397 4082 ria
425 4013 458 4070 et
480 4013 637 4070 accurata
662 4001 816 4070 doctrina
839 4000 1057 4094 antiquisque
1082 3997 1189 4070 literis
1199 3995 1319 4077 bene
1303 4020 1364 4094 ιιι·1

344 4102 507 4181 flructue,
529 4102 590 4196 qui
613 4123 682 4172 non
706 4098 805 4172 libris
836 4105 956 4186 modo,
993 4103 1046 4170 sed
1070 4093 1174 4186 ipsis
1170 4100 1288 4172 numis
1310 4097 1363 4170 in

278 4249 281 4253 ν
344 4199 523 4292 spiciendis
540 4217 687 4275 aetatem
711 4203 985 4290 consecraverat,
1012 4193 1209 4297 iudicioque
1225 4191 1365 4296 valebat

263 4307 273 4322 “
302 4329 305 4335 ·
342 4309 443 4398 seco,
469 4302 675 4400 incorrupto
696 4321 732 4380 et
756 4306 888 4398 subtili5
914 4321 1065 4409 etque
1034 4313 1125 4382 hunc
1139 4309 1286 4382 secunde
1303 4305 1366 4406 alig
1477 4385 1478 4390 Ἰ
