3259 5242
259 554 558 631 ,288>

272 762 275 768 ,
322 775 326 780 ,
353 714 478 776 Neritia
495 709 547 773 'rei
564 706 771 779 nummariae,
789 706 828 769 acl
847 709 1035 778 erudiendos
1058 733 1133 793 eor,
1153 719 1207 804 qui
1221 741 1371 790 nomo.

397 817 465 860 rum
482 811 620 857 veterum
634 813 666 856 et
683 791 904 858 modernorum
922 799 1160 883 intelligentiam
1175 805 1303 872 {hrclete
1314 813 1368 874 in·

397 884 526 963 cipiunt.
535 951 539 969 ,
549 899 578 941 v.
593 877 715 962 Joberta

350 1001 394 1018 ι·-
441 963 590 1065 succincta
605 965 832 1030 Numitmatum
853 967 1060 1048 imperialium
1074 975 1282 1040 Romanorum
1299 997 1365 1045 etc.

350 1055 584 1204 Nolhigihdhhile
597 1138 727 1198 Monere
749 1133 923 1202 Pontifiche
950 1139 1075 1204 antiche
1097 1146 1284 1210 emodern'e
1308 1149 1368 1214 dul

393 1227 480 1285 Pont.
498 1224 662 1321 Clemente
676 1224 730 1284 xl.
754 1226 887 1322 raccolte
909 1223 1028 1324 epolle
1052 1228 1086 1288 in
1102 1229 1207 1294 indice
1220 1234 1360 1316 distinto,

346 1309 1363 1488 nihilnhil22¹¹llilhll‘l·thllffliiilirrn.

392 1480 555 1545 Haeduini.
584 1499 612 1538 v.
631 1472 761 1543 Miscell.
777 1471 938 1542 observata.
955 1481 993 1544 ab
1014 1481 1101 1548 erud.
1117 1487 1204 1552 Britt.
1220 1489 1272 1552 edi
1284 1511 1361 1558 coe.

277 1605 281 1614 ·
389 1567 463 1647 ptis.
486 1564 630 1627 Vol.Vl.
653 1578 727 1625 tom.
751 1577 780 1639 3.
804 1585 835 1644 p.
855 1577 929 1644 547.
953 1562 997 1646 sq.
1449 1582 1454 1593 ’

344 1666 490 1746 Noaisodi
513 1667 563 1750 (J.
581 1663 684 1746 Cph.)
706 1659 783 1727 Diss'.
807 1667 884 1730 iuris
907 1667 992 1746 publ.
1015 1667 1139 1735 deiure
1154 1675 1200 1736 rei
1216 1695 1360 1744 moneta·

389 1756 454 1816 riae
466 1753 546 1832 apud
570 1752 708 1814 Batavos.
731 1751 817 1829 Trai.
832 1750 870 1813 ad
889 1754 944 1818 er.
965 1767 1059 1836 1754.
1081 1774 1114 1838 4.

228 1926 231 1935 ,
342 1873 489 1960 Nngent’s
512 1867 624 1950 (Th.)
653 1870 781 1933 'frevele
811 1867 922 1954 throug
952 1873 1123 1958 Germony.
1161 1879 1356 1952 Vol‚1.11‚

386 1957 485 2042 Lond3
504 1957 595 2034 1768.
619 1962 647 2028 8.
663 1987 705 2002 ·-·
719 1956 792 2021 vol.
808 1958 849 2020 11.
872 1977 901 2036 p.
912 1971 983 2040 327.
1007 1958 1068 2026 List
1084 1954 1354 2052 ofMeckl'enburg

386 2042 468 2109 Gonl
481 2044 576 2106 Coine
591 2041 651 2104 and
666 2039 798 2106 Medals.

340 2159 386 2182 -v-
430 2125 541 2196 Reisen
563 2127 660 2192 durch
673 2122 895 2196 Deutschland,
917 2141 933 2192 ι
950 2165 961 2179 ·
978 2143 1016 2189 2r
1029 2129 1088 2192 Th.
1119 2133 1198 2195 Betl.
1215 2155 1243 2198 u.
1257 2137 1354 2201 stete.

288 2280 292 2287 ,
333 2216 339 2225 ’
387 2223 466 2292 1781
486 2253 497 2267 ·
516 2219 566 2286 82.
592 2219 621 2284 8·
639 2243 681 2256 -·
698 2227 735 2272 2r
750 2211 810 2274 Th·
828 2233 858 2292 P·
878 2221 950 2290 328.
968 2209 1231 2294 sqqrhlecltlenb.
1246 2223 1353 2292 Geld-

380 2299 793 2368 M'tinzenundMednillen.
892 2313 897 2324 ·
1249 2299 1251 2308 ’

336 2418 436 2486 Numi
449 2419 600 2502 Aegyptii
616 2416 819 2498 lmpemterii.
843 2436 871 2482 v.
890 2416 997 2502 Zoega.

336 2536 382 2557 σ-
424 2507 560 2586 antiqui,
580 2506 700 2585 Grueci,
725 2503 868 2588 Romani,
891 2521 926 2566 ac
941 2497 1129 2566 diversorum
1145 2525 1251 2590 regum
1265 2509 1347 2574 ciri.

379 2604 549 2669 tutumque,
571 2591 625 2669 qui
644 2591 840 2668 reperiuntur
851 2590 884 2648 in
901 2591 1009 2670 Magni
1026 2591 1120 2652 Ducis
1136 2593 1276 2656 Etruriae
1289 2616 1347 2678 ga.

378 2673 571 2756 zophylucio.
586 2677 649 2738 Me.
670 2675 694 2738 f.
720 2697 747 2735 v.
765 2669 900 2740 lllrschii
917 2673 992 2736 bihl.
1013 2695 1097 2736 num.
1113 2697 1143 2756 p.
1161 2692 1211 2755 37.
1279 2733 1284 2756 ,

335 2788 378 2812 ···
421 2757 613 2837 consuleres,
632 2780 714 2840 quos
737 2762 877 2836 Petinus,
910 2757 1072 2822 lVlorellius
1100 2781 1131 2830 er
1155 2765 1342 2832 Vaillanriue

336 2902 344 2919 s
378 2846 442 2910 aeri
457 2845 552 2908 incidi
566 2864 722 2916 curarunt,
746 2847 779 2906 in
797 2865 895 2906 unum
911 2845 1031 2920 collecti
1051 2865 1082 2908 et
1094 2849 1180 2932 iuxta
1197 2852 1343 2919 ordinem

376 2931 600 3012 alphabeticum
622 2927 766 3012 dispoliti.
811 2930 938 2995 Adiecti
961 2933 994 2992 in
1018 2927 1081 2992 frne
1105 2935 1193 2996 numi
1212 2936 1342 3014 quidam

373 3019 485 3101 incerti
508 3013 695 3094 miscellanei
716 3019 855 3096 itemque
873 3015 967 3078 urbis.
991 3048 1033 3062 -
1056 3019 1117 3082 llic
1141 3021 1247 3082 titulus
1266 3017 1342 3084 scri·

373 3122 444 3184 ptur
466 3101 510 3164 est
533 3121 566 3169 ut
587 3100 618 3166 et
635 3105 759 3166 Nomio.
774 3101 958 3165 familiarum
980 3121 1050 3162 cum
1065 3104 1187 3166 Notulis
1202 3126 1267 3168 raro
1281 3108 1340 3168 ad·

348 3235 351 3240 -
372 3186 492 3271 spersrs.
515 3187 539 3249 f.
561 3221 602 3234 —·
624 3193 781 3270 Leguntur
799 3208 831 3252 et
848 3183 901 3248 sub
917 3189 1004 3248 titulo
1023 3185 1098 3249 haec
1120 3191 1219 3252 verba.
1236 3225 1278 3238 -
1299 3177 1358 3276 J(

373 3277 486 3340 Matth.
499 3278 660 3340 Gesnetus
679 3275 741 3334 omi
759 3274 925 3354 Gottingae
947 3292 966 3332 e
990 3275 1171 3352 Bilrliopolio
1188 3273 1336 3343 Vanden.

371 3359 495 3427 hoeclcii
517 3377 549 3421 et
572 3361 728 3435 Cononis,
760 3362 793 3420 in
817 3359 899 3442 quod
927 3355 1100 3436 perreniss'e
1122 3359 1265 3423 videntur
1291 3384 1335 3428 ex

368 3449 512 3510 auctione
528 3445 778 3518 Wcrmuthiana,
800 3446 886 3506 cuiue
909 3443 1085 3512 Wermuthi
1109 3460 1140 3506 et
1160 3447 1334 3531 ,Schlegelii

368 3533 473 3613 pallnu
504 3526 897 3608 marrus1conspicitur.-
930 3526 1097 3596 observavi
1132 3551 1243 3610 paucos
1273 3536 1330 3596 ali-

367 3636 442 3696 quot
464 3617 502 3678 ab
517 3620 730 3693 Harercnmpo
742 3612 882 3692 omissos,
908 3618 961 3694 qni
978 3634 1134 3695 praeterea
1149 3619 1329 3684 Goltzianos

339 3727 342 3732 ⁴
365 3700 523 3784 separarit,
547 3704 599 3781 qui
616 3701 663 3763 hic
680 3701 804 3762 immisti
823 3697 891 3764 sunt
906 3701 1044 3780 reliquis.
1068 3701 1127 3764 Hic
1143 3702 1328 3769 liherDres·¹

364 3789 423 3851 dae
438 3791 471 3850 in
489 3787 676 3850 Bibliotheca
689 3787 820 3869 collegii
844 3787 956 3848 modici
978 3781 1150 3850 asservatur.

320 3906 363 3928 v·-
405 3875 467 3936 duo
481 3872 585 3936 selecti
600 3875 815 3936 Antoniniani·
840 3877 926 3934 liunt.
944 3872 1035 3948 1676.
1058 3881 1087 3944 8.
1131 3929 1134 3936 ,
1267 3913 1270 3922 =
1369 3929 1374 3938 ,

318 3988 362 4010 *-
404 3962 508 4035 Caroli
532 3962 587 4020 Vl.
611 3976 643 4020 et
664 3954 860 4022 Elisabethae
884 3957 1073 4024 Christianae
1089 3961 1229 4024 Viennae
1252 3959 1351 4026 culi.'

361 4048 514 4110 Viennae.
538 4051 629 4122 1728.
652 4052 682 4116 8.

315 4163 357 4182 ο·-
401 4131 462 4192 duo
477 4135 700 4209 Imperatorum
715 4127 836 4188 halliae
856 4144 915 4192 etc.
939 4149 968 4190 v.
985 4127 1082 4192 Noni.

314 4251 358 4272 ..-
400 4215 601 4303 triumphales
617 4233 726 4284 recem
743 4210 855 4282 ercufi.
879 4215 1021 4282 Viennae
1037 4213 1140 4284 Austr.
1157 4229 1251 4298 1705.
1271 4233 1320 4288 ια,
1352 4269 1357 4279 ,
