3259 5242
361 543 389 594 x
487 550 490 560 .

267 752 272 764 .
360 690 407 772 tie
431 705 573 780 magnes
597 685 639 759 ed
661 680 746 758 tales
776 683 898 774 copiae
924 663 1107 780 cogebdas.
1155 687 1313 780 lunatis
1327 701 1375 780 et

362 783 653 880 castigationibus
677 790 720 858 od
748 789 959 876 Stephanum
991 793 1224 886 Byzantinnm
1261 801 1372 869 Lucae

359 890 559 968 Hnlsteniur
594 886 704 960 multa
739 893 947 963 numismata
976 895 1108 966 Graeca
1147 893 1379 988 adhibuerat3.

217 1052 223 1063 ,
346 998 500 1076 suerent
524 992 627 1073 etiam
651 961 748 1078 alii,
756 991 818 1087 qui
840 995 963 1066 ceterir
986 999 1101 1068 numia
1124 1017 1145 1068 a
1164 998 1197 1070 se
1219 998 1370 1105 vulgatis

277 1161 281 1169 .
327 1119 485 1192 ,graeca
514 1095 721 1174 numismata
748 1094 963 1188 insererent,
1000 1121 1070 1174 non
1105 1109 1221 1174 tamen
1250 1086 1370 1175 sev'ero
1399 1131 1409 1144 ’

358 1189 591 1275 eamindicio
616 1208 675 1268 aut
699 1197 856 1286 doctrina
872 1211 1039 1285 accurata.
1092 1203 1306 1276 Eximenduo
1320 1217 1372 1294 ta·

144 1366 145 1377 ,
355 1303 520 1380 rnenhoc
537 1295 746 1373 numerocst
758 1277 1161 1404 PhilipnueBuonarotti.
1214 1281 1376 1398 Diligen

355 1409 486 1480 liorem
517 1404 715 1488 &aerarum
745 1408 1001 1496 numismatum
1024 1407 1201 1478 recensum
1234 1410 1405 1502 primun,

355 1507 502 1585 instituit
524 1507 579 1576 vir
601 1508 644 1575 de
667 1506 764 1576 omni
784 1525 824 1576 re
845 1506 1085 1587 numismatica
1104 1512 1267 1606 antiqua
1262 1509 1373 1594 meri·

355 1609 501 1687 sissimus
533 1612 608 1702 Foy
637 1605 791 1680 Vaillant
809 1611 977 1696 (1700),
1023 1612 1083 1704 qui
1108 1613 1370 1702 Imperatorum

355 1717 541 1796 duntaxat,
564 1708 796 1799 Augustarum
820 1725 856 1786 et
883 1712 1085 1798 Caesarum,
1112 1735 1238 1787 nunnus
1254 1737 1272 1786 a
1289 1737 1370 1806 pro·

353 1817 479 1902 vinciis
504 1829 539 1884 et
560 1807 726 1902 urbibus,
758 1813 1002 1908 quaegraecio
1023 1814 1149 1886 litteris
1176 1817 1253 1892 usae
1277 1816 1371 1912 sunt,

282 2007 284 2011 .
354 1921 450 1993 culco
475 1915 640 2008 uulgauit.¹
703 1915 787 1986 lude
820 1917 1035 1988 Graecorum
1066 1939 1252 2003 numerum
1277 1921 1369 2001 ratio

297 2105 302 2116 Ι
342 2018 477 2107 'haberi
491 2020 626 2107 coepit,
647 2014 765 2107 paullo
780 2014 853 2104 post
872 2015 1019 2110 sudium
1034 2015 1197 2106 subnasci,
1223 2026 1367 2107 tandem

351 2125 404 2198 ita
417 2119 661 2206 exardescere,
686 2130 727 2206 ut
742 2117 856 2195 nostra
874 2133 985 2195 aetate
1002 2133 1137 2194 tantum
1157 2143 1225 2194 non
1242 2145 1368 2218 regna·

349 2249 392 2304 re
413 2227 581 2310 videatur.
656 2225 812 2314 Magnae
836 2225 1001 2312 Graeciae
1033 2237 1067 2296 et
1089 2222 1246 2316 Siciliae,
1285 2227 1366 2317 inde

306 2335 309 2339 ’
352 2333 458 2404 etiam
481 2326 649 2400 Graeciae
674 2338 710 2396 et
730 2321 851 2422 asrae3
872 2325 1131 2420 frequentatum
1156 2350 1249 2400 nunc
1274 2329 1365 2402 viro·

351 2456 432 2514 rum
454 2433 639 2502 doctorum
669 2425 883 2507 sermonibus
907 2425 1054 2500 studium
1079 2451 1262 2513 numerum
1277 2433 1366 2500 urbi·
1489 2471 1490 2478 ι

317 2617 327 2638 ‚
350 2559 431 2618 em,
436 2533 653 2624 pupularum
673 2546 706 2602 rt
724 2549 856 2624 regum,
883 2539 917 2602 et
942 2553 986 2604 ex
1008 2531 1049 2604 iir
1073 2532 1165 2604 sarna
1185 2545 1221 2604 et
1236 2535 1363 2611 doctrin

259 2673 266 2691 ’
350 2661 417 2712 nae
449 2630 655 2709 existimatio
686 2628 733 2701 est
762 2630 932 2727 quaesita3
983 2633 1191 2708 Museorum
1223 2639 1383 2734 quoquc¹

349 2739 529 2832 splendor
525 2758 571 2807 ex
586 2737 634 2811 iia
644 2734 730 2821 solet
744 2735 885 2810 censeri.

426 2939 564 3021 Siciliae
591 2939 733 3036 quidem
753 2959 880 3013 numos
901 2936 1043 3030 vulgare
1064 2936 1362 3028 primueinstitue-
1487 2923 1488 2936 ¹

347 3059 404 3123 rat
425 3044 605 3132 Philippus
631 3045 756 3125 Parata
774 3037 906 3130 (1612)
929 3037 1041 3132 postea
1065 3043 1223 3128 recusos,
1247 3043 1361 3118 nostra

348 3162 476 3232 aetate
485 3148 516 3216 d’
527 3142 680 3230 Orville3
714 3157 901 3238 utrumque
933 3146 1035 3242 longe
1064 3141 1136 3238 post
1160 3145 1193 3214 so
1216 3146 1362 3250 reliquit
1486 3203 1487 3206 ,

348 3252 518 3338 Principis
548 3251 593 3320 de
617 3249 653 3315 T
656 3267 860 3338 orremuzza
894 3233 1049 3316 studium.
1124 3248 1302 3318 Lucaniae
1324 3261 1362 3329 et

346 3356 567 3426 Bruttiorum
598 3370 722 3420 numos
751 3343 891 3439 collegit
913 3346 1091 3440 Magnam
1134 3347 1246 3421 multi
1261 3351 1361 3434 numi

346 3456 467 3548 graeci
490 3446 638 3524 exhibiti
658 3452 733 3523 suut
754 3449 846 3520 inter
876 3451 1095 3548 antiquitates
1121 3431 1297 3522 Paestanas
1323 3463 1361 3524 et

344 3557 392 3642 ab
426 3555 544 3626 aliie
534 3553 693 3644 inprimis
726 3549 770 3622 in
805 3551 1019 3624 recensendis
1063 3553 1175 3626 numie
1209 3549 1362 3640 urbium.

345 3663 445 3735 Nam
463 3651 565 3730 latius
580 3652 790 3756 progresum
805 3651 951 3744 st'udium
970 3652 1060 3734 hoc
1052 3677 1086 3724 m
1103 3652 1216 3726 lucem
1233 3658 1362 3744 produ·

245 3809 264 3819 --
346 3767 404 3844 xit
418 3749 582 3852 ma‘gnuni
598 3777 784 3830 nnmerum
799 3753 982 3836 librorum,
1003 3756 1063 3850 qui
1079 3779 1202 3828 numos
1219 3755 1362 3850 urbium

187 3916 192 3926 ·
324 3880 409 3939 -aut
436 3863 602 3944 seorsum,
634 3874 694 3957 aut
720 3881 800 3930 cunr
827 3860 939 3930 cumis
965 3881 1105 3948 regum,
1140 3858 1359 3952 evulgarunt.

345 3973 389 4040 In
399 3965 477 4040 istis
494 3963 685 4054 principem
707 3959 824 4034 locum
839 3973 960 4034 tenent
979 3957 1125 4033 Pellerin
1142 3973 1177 4043 et
1199 3963 1360 4034 Muscam
1469 4000 1479 4021 ·

345 4070 506 4149 Hunteri
521 4089 583 4157 per
600 4067 677 4137 Car.
693 4060 824 4134 Combe
846 4059 1061 4152 descriptum.
1116 4064 1244 4134 Numer
1260 4066 1362 4160 Aegy-

344 4178 438 4266 ptios
454 4173 691 4262 imperatorios
706 4167 743 4238 in
760 4164 886 4239 Museo
902 4165 1078 4256 Borgiano
1096 4166 1286 4264 prostantes
1304 4171 1363 4238 de·

303 4316 307 4323 ι
344 4271 478 4366 soripfit
492 4287 527 4346 et
541 4269 774 4347 illustravit
742 4293 797 4344 ιιι
820 4264 1025 4344 doctissimus
1044 4271 1106 4344 Ge
1122 4269 1250 4362 Zoega.
