3259 5242
1222 570 1290 620 XIX

255 715 393 806 ‘exigui
407 725 526 804 tamen
541 712 619 788 usuc
631 711 767 794 soront,
787 711 883 787 omni
899 733 938 784 re
952 709 1194 810 numismatiea
1218 728 1290 790 tam

265 816 446 892 immensu
459 819 568 908 eopiir
584 815 626 888 ab
645 839 687 887 eo
704 815 786 886 inde
807 826 965 906 tempore
982 831 1093 893 aucta.

373 1015 558 1092 Novislimi
580 1005 734 1090 defiderii
756 1015 835 1088 loco
858 1011 980 1090 haberi
1002 1019 1133 1108 potuit,
1162 1019 1288 1112 utpost

265 1138 343 1198 tam
366 1124 522 1216 ingentia
542 1123 756 1192 incrementa
776 1142 831 1189 rer
848 1121 1010 1189 litteraria
1030 1115 1136 1216 studii
1158 1129 1288 1193 numis-

265 1229 388 1298 marici
409 1224 720 1316 recognosceretur.
772 1223 882 1292 Docte
902 1225 1041 1322 quidem
1067 1235 1102 1295 et
1127 1239 1288 1298 accurate

267 1352 347 1402 earn
376 1341 453 1398 erat
475 1325 700 1420 persequutus
722 1322 903 1396 antelmus
928 1325 1078 1397 Banduri
1099 1327 1136 1398 in
1159 1325 1287 1400 Biblio-

266 1436 372 1502 theca
386 1429 563 1514 numeria,
593 1427 613 1498 a
634 1431 689 1524 Jo.
706 1423 786 1496 Alb.
805 1423 965 1498 Fabricio
992 1433 1158 1517 repetita,
1193 1453 1286 1502 nunc

268 1536 375 1606 etiam
391 1527 435 1602 ab
452 1525 622 1601 Eckhelio
646 1529 683 1602 in
702 1529 868 1600 Doctrina
893 1551 988 1600 num.
1003 1541 1070 1604 vet.
1098 1533 1223 1622 partim
1247 1535 1285 1606 in

273 1637 447 1726 epitomen
462 1635 617 1725 redacta,
643 1632 766 1720 partim
782 1632 992 1704 continuata.
1024 1635 1177 1708 Verum
1193 1629 1285 1711 mul·
1346 1669 1350 1680 ·

271 1749 304 1808 ta
318 1747 507 1806 occurrunt
523 1749 697 1821 tempora,
725 1754 812 1850 quae
831 1731 1062 1824 ungulorum,
1090 1737 1194 1806 etiam
1212 1739 1286 1810 mi·

228 1848 234 1860 '
264 1862 414 1936 norum,
456 1835 628 1910 librorum
667 1837 826 1908 notitiam
865 1851 1060 1908 accuratam
1101 1833 1282 1935 postulant

262 1925 395 2014 Sunts
392 1962 456 2011 ane
478 1926 712 2010 Bibliothecae
739 1939 936 2008 huiusmodi
960 1938 1185 2012 instruendae
1205 1943 1294 2014 viae

264 2067 307 2114 ae
323 2043 421 2112 modi
434 2039 633 2130 plures,ut
593 2052 715 2113 utaut
739 2039 923 2131 seeundum
944 2051 1142 2132 temporum
1158 2044 1283 2116 seriem

264 2142 350 2216 libri
365 2157 625 2229 memorentur,
650 2141 898 2240 constituatque
915 2141 993 2214 talis
1009 2147 1164 2218 recensus
1179 2145 1286 2219 histo·
1372 2211 1375 2220 ,

263 2249 355 2319 riam
378 2243 479 2336 ipbus
500 2243 620 2327 studii,
652 2266 740 2341 quae
763 2247 904 2341 quidem
934 2247 1023 2317 ratio
1044 2251 1199 2318 omnium
1232 2247 1282 2318 est

263 2351 423 2420 maxime
436 2345 601 2436 probata3
627 2360 686 2417 aut
698 2349 883 2418 secundum
900 2345 1014 2420 classes
1029 2361 1064 2420 et
1083 2371 1211 2441 genera
1226 2373 1282 2422 or·

264 2453 430 2523 nincntur
453 2445 552 2533 libri,
578 2461 637 2520 aut
661 2451 853 2540 promiscue
876 2450 1015 2536 ordine,
1040 2453 1082 2522 ad
1105 2453 1281 2542 reperien-

263 2557 349 2627 dum
374 2555 534 2650 quodque
557 2571 684 2624 nomen
708 2553 860 2626 maxime
878 2566 1094 2640 opportuno,
1120 2551 1289 2644 alphabe-¹

264 2658 348 2727 tico.
398 2651 547 2724 Dibrum
573 2655 609 2727 in
633 2655 709 2725 usus
732 2656 793 2724 bor
808 2654 993 2754 litterarior
1013 2657 1168 2744 apprime
1184 2679 1281 2745 para·

260 2772 339 2829 tum
366 2757 409 2841 ii,
450 2758 511 2854 qui
534 2755 629 2828 hoc
621 2781 657 2828 ιιι
681 2779 808 2848 genere
833 2747 953 2844 operas
985 2773 1136 2846 ponunt,
1179 2761 1278 2847 saepe

261 2859 496 2930 evolvendum
522 2855 582 2928 ubi
607 2857 671 2928 esse
693 2858 829 2962 vident,
853 2859 913 2954 Jo.
935 2857 1010 2928 Cirr.
1027 2860 1279 2953 HirschBiblio

260 2963 393 3032 thecam
405 2963 688 3046 numismaticam,
716 2953 805 3060 quae
820 2964 958 3056 quidem
974 2973 1169 3060 utramque,
1193 2987 1279 3060 quas

258 3065 355 3134 sorte
376 3064 521 3133 secretas
542 3063 690 3134 seorsum
715 3060 843 3134 habere
865 3062 1003 3146 mallee,
1039 3068 1215 3162 antiquam
1242 3080 1278 3136 ct

257 3179 441 3242 recentem
462 3186 538 3235 rem
562 3167 755 3236 numeriam
780 3163 1041 3260 complectitur;
1082 3188 1122 3238 ea
1146 3179 1275 3254 tamen,

257 3291 342 3339 cum
367 3269 437 3337 iarn
461 3276 540 3339 ante
565 3270 627 3336 XL
647 3269 711 3338 hoa
739 3287 848 3340 annos
875 3269 1058 3356 prodierit,
1084 3268 1158 3359 poll
1181 3281 1276 3342 tanta

257 3372 316 3440 rei
329 3369 591 3440 numismaticae
615 3361 826 3441 incrementa
846 3370 1090 3459 saepenumero
1112 3369 1277 3446 desideria

195 3546 199 3550 ,
256 3470 375 3544 nollra
390 3485 426 3543 et
443 3465 650 3542 neceffitates
668 3471 830 3546 destituit.
881 3473 931 3542 Ea
949 3483 986 3542 ut
1002 3473 1133 3544 iterum
1146 3475 1276 3562 supple-

254 3580 388 3645 mentir
410 3573 601 3644 necessariis
624 3572 831 3664 locupletata
851 3572 948 3662 prelo
975 3571 1190 3664 subiiciatur,
1215 3579 1276 3648 du·
1347 3657 1352 3664 ‚
1393 3639 1399 3648 .

255 3679 345 3746 dum
369 3676 407 3745 in
433 3677 525 3746 votis
552 3665 709 3746 habitum
736 3675 792 3746 est.
844 3677 992 3748 Gratum
1010 3677 1115 3767 igitur
1131 3679 1198 3748 tuit
1215 3701 1276 3750 au·
1337 3734 1342 3746 .

254 3779 355 3860 dito,
377 3779 491 3848 virum
512 3779 669 3862 doctum,
696 3777 821 3848 litteris
844 3779 897 3848 his
919 3779 1073 3868 apprime
1087 3777 1274 3899 imbutum,
1397 3773 1400 3780 ⁴

254 3878 442 3969 diligentia
454 3893 491 3949 et
506 3875 669 3950 industria
688 3881 893 3968 spectatum,
920 3902 1006 3970 opus
1037 3882 1104 3954 hoc
1130 3885 1273 3974 egregie

252 3995 442 4070 ornatum,
469 3977 592 4072 insigni
614 3983 714 4069 copia
735 3996 893 4068 auctum,
917 3981 1041 4054 melius
1066 3985 1272 4074 dispofitum,

251 4095 293 4156 et
313 4083 430 4156 iudice
452 4106 589 4170 rerum,
617 4105 705 4180 qnae
729 4081 898 4156 librorum
922 4081 1124 4177 argumenta
1149 4085 1271 4158 consti·

249 4197 379 4272 ruunt,
399 4182 620 4307 instructum
646 4190 775 4263 iterum
796 4188 959 4282 evulgare
983 4190 1073 4280 apud
1097 4189 1130 4264 se
1151 4185 1330 4272 consti·-
