3259 5242
1237 613 1287 665 xv

258 758 383 858 aliquo
411 757 474 831 suo
502 754 553 830 ufi
580 765 689 830 erant.
739 754 915 847 Quorsum
947 759 1058 830 tantae
1081 780 1165 850 opes
1187 783 1286 852 para·
1332 847 1335 854 ‚

260 878 363 950 rent,
385 859 519 968 ¹quilius
539 859 674 942 ulibus,
699 860 799 931 cuius
824 860 1035 947 commodis,
1061 861 1122 952 ἱρή
1147 885 1192 936 ne
1209 867 1284 937 ani.

199 981 206 990 ·
259 983 323 1040 tno
347 963 490 1062 quidem
514 973 768 1052 reputaverant.
828 962 1053 1052 Farraginem
1077 965 1194 1062 itaque
1217 989 1282 1040 nu·

259 1089 406 1141 morum
429 1065 533 1137 multi
556 1061 793 1156 congerebant
813 1061 1040 1136 tumultuarie
1061 1089 1101 1140 ac
1127 1083 1283 1160 temere3

259 1172 323 1268 qui
338 1167 401 1240 fibi
418 1167 546 1265 aliquid
562 1170 599 1240 in
616 1169 669 1238 hia
693 1167 758 1238 elle
776 1163 1000 1252 videbantur,
1026 1170 1204 1242 raritatem
1220 1195 1283 1244 nu·

258 1294 406 1346 morum
435 1267 669 1358 sectabantur3
701 1272 792 1342 intra
817 1269 1010 1358 adspectum
1034 1293 1118 1342 vero
1142 1273 1282 1347 suarum

259 1398 371 1464 opum
402 1375 517 1446 omnic
548 1374 623 1445 iere
646 1395 690 1441 ex
710 1371 753 1442 iio
773 1371 908 1444 fructus
936 1370 1188 1446 continebatur.
1239 1377 1283 1451 Ia

259 1477 398 1550 Muleie
421 1497 546 1566 porro,
578 1473 736 1564 inprimis
764 1471 1070 1564 locupletioribus,
1104 1477 1284 1568 disponen-

262 1581 315 1649 dia
329 1601 405 1652 non
420 1579 535 1669 magis
547 1581 588 1648 de
606 1579 772 1649 methodo
789 1591 885 1648 certa
902 1573 1148 1662 deliberabant,
1165 1601 1284 1653 erem·
1329 1643 1333 1650 .

264 1682 357 1773 plum'
376 1681 452 1754 ie'r'e
470 1689 506 1750 et
520 1677 831 1762 morem'allorum,
857 1690 893 1748 et
908 1701 1015 1752 unum
1034 1685 1182 1752 eundem
1206 1683 1283 1779 qui·

260 1788 341 1855 dem
376 1785 413 1854 in
442 1781 605 1855 ononimus
636 1779 841 1873 generibus,
872 1781 966 1880 sequi
997 1781 1076 1855 satia
1099 1779 1280 1858 habentes.

258 1884 497 1958 Intellectum.
510 1885 560 1958 eii
574 1885 698 1971 letior,
725 1885 761 1957 in
787 1883 856 1956 alio
872 1903 1003 1974 genere
1021 1885 1177 1958 ordinem
1195 1899 1283 1959 tem-

256 2011 406 2081 porum,
431 2008 550 2059 rerum
568 1985 832 2083 dominumque,
858 1987 894 2057 in
914 1985 981 2056 alio
997 1991 1280 2080 geographicunn

258 2093 300 2164 in
316 2089 387 2162 alio
402 2099 592 2189 utrumque
608 2089 771 2175 iunctim,
795 2089 831 2160 in
854 2087 923 2159 allo
938 2087 1193 2178 alphabeticum
1215 2091 1281 2162 elle
1306 2098 1309 2108 '

258 2193 485 2289 sequendum.
536 2194 669 2266 Pendet
691 2189 735 2262 ab
758 2190 814 2261 liic
837 2203 932 2262 recte
956 2189 1142 2279 exploratis
1168 2195 1284 2266 omnit

258 2291 359 2368 bona
382 2307 418 2365 et
440 2289 552 2385 proba
575 2293 674 2365 studii
694 2293 1052 2380 numismaticiratio,
1076 2315 1222 2392 eamque
1238 2296 1283 2367 ad

258 2394 482 2490 probabilem
497 2397 575 2469 latis
591 2397 765 2470 tationem
779 2394 956 2488 praeclare
966 2393 1283 2475 instruxitEclrheh

259 2498 379 2572 Potest
394 2501 443 2571 ita
457 2521 597 2597 quoque
613 2497 762 2586 utilitas,
788 2520 893 2595 quam
910 2498 1057 2595 quisque
1074 2497 1284 2590 propofit'am

258 2599 326 2676 fibi
353 2599 475 2688 habet,
512 2615 608 2675 recte
631 2598 808 2684 constitui,
848 2605 890 2671 ut
913 2603 1072 2696 sequatur
1096 2603 1152 2688 id,
1187 2603 1283 2698 quod

260 2703 393 2779 ceteris
422 2701 539 2774 stodiis
568 2719 605 2774 et
634 2702 749 2775 utibus
776 2703 931 2775 maxime
958 2705 1167 2792 conveniat3
1198 2701 1283 2776 defi·

260 2818 420 2903 nantque
434 2809 575 2877 tandem
591 2804 752 2878 homines
767 2807 917 2876 insaniae
932 2806 1013 2877 huic
1028 2804 1217 2897 indulgere,
1243 2817 1285 2878 ut

260 2908 356 2983 niihil
370 2911 406 2979 in
421 2909 560 2980 censum
576 2901 799 2980 referendum
825 2907 889 2977 elle
905 2919 1048 2995 putent,
1068 2929 1172 3005 quarn
1189 2909 1297 3003 quod¹¹

259 3033 385 3085 rarum
409 3009 467 3098 lit,
494 3023 531 3082 et
552 3021 592 3083 ut
614 3013 717 3083 anxie
738 3011 944 3121 conquirant
965 3010 1103 3103 omnia,
1128 3031 1174 3083 ne
1198 3007 1284 3108 quid

259 3110 350 3189 defit
367 3133 526 3186 numero.
579 3186 581 3190 ,
1276 3119 1278 3126 “

369 3311 607 3408 Expetebatur
629 3337 653 3410 n
669 3312 822 3388 stodiofic
843 3315 896 3387 rei
913 3313 1178 3388 numismaticac
1192 3309 1285 3386 instit
1331 3333 1336 3344 ’

262 3420 376 3507 noo,
411 3441 480 3516 qua
509 3432 712 3506 uterentur,
744 3421 806 3515 qui
835 3418 964 3516 aliquid
986 3421 1034 3501 'in
1063 3422 1127 3490 hoc
1153 3423 1285 3511 genere

253 3521 438 3615 ‘proficere
459 3521 591 3594 vellent
613 3522 670 3593 seu
694 3521 872 3606 diluendo,
904 3522 960 3592 seu
985 3524 1151 3592 docendo.
1201 3521 1287 3590 Pro·

163 3704 168 3718 ¹
264 3627 410 3697 dierunt
437 3627 513 3696 ciue
541 3627 596 3696 rei
619 3625 812 3702 tentamina
845 3623 943 3697 valde·
965 3623 1084 3694 tenuia
1106 3636 1142 3696 et
1166 3621 1287 3702 exilia,
1342 3667 1345 3674 -

261 3725 456 3800 sebastiani
476 3727 610 3812 Erizzi,
635 3731 716 3799 Ant.
741 3723 938 3818 Augustini,
964 3725 1099 3812 Patioia
1123 3726 1286 3818 sequutus

265 3828 317 3916 est
337 3826 476 3900 libellus
499 3825 636 3915 Joberti
659 3827 825 3919 indigesta
843 3829 939 3898 mole
965 3839 1001 3898 et
1031 3824 1173 3898 cortilio
1190 3839 1286 3898 certe

265 3930 389 4016 trullo,
423 3934 559 4024 (1695.
582 3945 617 4004 et
646 3933 803 4014 recensus
825 3933 960 4020 auctior
983 3951 1013 4003 a.
1043 3931 1164 4021 ηις)
1198 3939 1286 4000 tunc

266 4034 439 4119 aliorum,
483 4036 557 4105 eins
586 4033 729 4135 uestigia
750 4029 1129 4124 prementium,‘·libri
1157 4032 1287 4120 partim

266 4137 390 4224 ieiuni,
408 4139 585 4226 partimin
602 4135 762 4208 inutilem
777 4138 912 4226 copiam
927 4134 1182 4221 excrescentem
1207 4141 1285 4204 tan·
1396 4123 1403 4134 ’

266 4242 350 4310 dem
366 4262 506 4336 quoque
528 4239 687 4312 Eckhclii
699 4237 879 4311 Elementa
901 4237 1159 4310 numismaticea
1190 4241 1288 4306 vete&

267 4345 319 4419 ‘air
340 4345 513 4435 prodiere.
532 4355 537 4367 '
564 4342 672 4425 Nihil
693 4359 812 4418 tamen
836 4342 926 4434 uidi,
943 4345 1046 4444 'quod
1069 4340 1160 4417 uotis
1175 4335 1288 4423 iuliis,
