3259 5242
250 664 255 674 ¹
361 569 420 654 xia

357 753 416 823 sen
431 700 509 819 VV,
524 747 593 816 cc,
642 693 782 818 Numos
797 742 923 816 colicos
943 766 960 814 c
977 746 1103 820 Museo
1118 728 1270 821 m'axime
1284 750 1374 832 Bor-3

360 854 464 946 ginno
479 845 641 940 produxit
655 849 725 924 Jac.
741 851 800 917 Ge.
815 845 921 918 Adler
940 853 982 922 V.
999 853 1035 922 C.

311 1137 320 1148 ι
457 1053 641 1133 Immensae
656 1071 739 1139 opes
757 1051 1016 1124 numismaticas
1032 1051 1067 1124 in
1087 1050 1212 1123 lucem
1217 1049 1372 1142 prolatas

354 1158 474 1241 vides,
502 1177 585 1252 quas
613 1171 675 1241 pec
697 1167 749 1224 tot
766 1155 887 1224 Musca
911 1178 949 1226 ac
966 1153 1073 1231 libros
1088 1157 1245 1274 dispersas
1262 1175 1371 1226 nemo
1485 1207 1486 1232 ,

357 1255 459 1332 facile
483 1258 652 1328 universas
675 1255 801 1344 oculis,
830 1249 945 1329 animti
968 1269 1003 1328 et
1027 1259 1196 1330 memoria
1212 1277 1373 1346 compre·

356 1363 498 1433 hendat
549 1359 717 1436 Verum
708 1382 776 1431 ram
798 1360 972 1446 superiore
995 1359 1147 1448 soeculo,
1181 1373 1372 1453 antequam

250 1473 259 1490 ⁴
325 1490 328 1499 ¹
355 1463 439 1534 illae
456 1465 496 1532 ad
513 1475 582 1532 tam
607 1463 806 1534 immensam
824 1461 949 1534 siruem
970 1459 1203 1549 increvissent,
1231 1481 1370 1552 preme·

356 1563 442 1636 bant
466 1585 526 1635 eae
544 1563 636 1634 mole
665 1564 731 1633 sua
780 1565 898 1636 Serius
920 1577 1055 1647 tamen,
1082 1587 1185 1662 quam
1207 1574 1370 1652 expecta·

351 1690 434 1755 ree,
467 1668 584 1736 iudicii
606 1663 721 1760 aliquai
747 1661 915 1739 subtilitas
940 1669 1000 1738 ad
1007 1689 1190 1738 numerum
1218 1665 1369 1740 studium

358 1769 501 1841 allatum
525 1766 765 1863 elisitque
772 1783 845 1840 erat
867 1785 983 1858 aperta
1004 1789 1082 1855 τες,
1122 1765 1368 1840 desiderarint

358 1874 425 1942 huc
449 1853 557 1940 studio
581 1868 676 1957 plura
699 1868 763 1942 alia
784 1893 853 1944 non
882 1872 995 1943 minus
1011 1869 1212 1942 necessaria:
1238 1870 1370 1960 partim
1487 1885 1488 1906 ¹

358 1973 395 2044 in
413 1967 620 2064 disponendis
637 1991 667 2042 ct
681 1973 953 2096 difcerucqolis,
939 1997 977 2041 ru
991 1971 1207 2068 clnffessuns,
1233 1993 1366 2090 genera,

354 2089 482 2145 urentes
505 2075 713 2168 desuescendis
740 2081 877 2159 nuenis;
909 2089 985 2148 tum
1008 2077 1044 2146 in
1076 2075 1364 2164 interpretatione

233 2225 237 2239 ·
356 2182 513 2248 doctore
529 2190 563 2248 et
579 2176 774 2268 subtiliore;
799 2201 904 2270 porro
930 2179 965 2248 in
984 2175 1224 2272 constituenpis
1241 2179 1289 2245 rei
1303 2197 1366 2244 nu·

356 2283 582 2352 mirrnnticne
591 2283 806 2351 utilitatibus
882 2275 1039 2350 Restabat
1060 2283 1221 2371 tandem,
1251 2289 1290 2352 ut
1317 2280 1364 2352 de

355 2383 451 2452 ruodo
474 2378 664 2479 instituendi
687 2403 719 2453 ee
740 2381 976 2475 impertiendi
973 2387 1049 2451 eliis
1065 2377 1163 2465 liudis
1175 2385 1364 2452 uurriisma·

349 2489 430 2569 rici,
455 2489 496 2555 de
520 2487 690 2577 complexu
711 2491 816 2556 totius
837 2489 884 2556 rei
903 2489 1176 2570 redecimatione,
1204 2499 1240 2556 ct
1256 2481 1363 2578 desy-

345 2583 484 2685 fiernnte
508 2586 623 2684 aliquo
646 2589 747 2661 buius
770 2587 947 2658 doctrinae
970 2599 1206 2684 quaereretur.
1259 2589 1363 2659 Vide·

354 2687 466 2762 bimus
483 2714 592 2768 nnnc,
620 2685 743 2786 quibus
757 2687 972 2777 temporibus
993 2711 1178 2788 rerumque
1192 2685 1364 2760 successio·
1441 2759 1450 2766 .

176 2814 182 2822 ·
258 2851 262 2860 .
352 2789 457 2887 nibus
478 2797 518 2862 ad
543 2789 671 2884 fingula
700 2793 785 2873 haec
810 2795 993 2864 deventum
1020 2788 1068 2861 sn.
1144 2795 1197 2862 Ita
1220 2795 1418 2866 demum*
1489 2809 1490 2872 ζ

351 2895 548 2982 apparebit,
574 2897 694 2966 aetatis
718 2894 850 2966 nostrae
873 2893 1008 2966 laudem
1033 2895 1121 2964 hane
1145 2889 1210 2964 esse
1227 2897 1360 2985 propri·

351 3015 409 3070 am
437 3019 475 3066 ac
508 2999 749 3086 praecipuam,
791 2997 881 3096 quod
911 2993 1055 3066 studium
1079 2995 1361 3069 numismaticum

350 3101 444 3172 suam
461 3099 622 3184 sormam,
650 3100 742 3190 leges
758 3113 793 3171 et
808 3099 972 3170 utilitates
991 3109 1128 3168 nactum
1149 3097 1205 3172 est.
1257 3101 1359 3194 Quod

349 3223 474 3272 omnes
499 3204 703 3272 aliascnras
726 3213 945 3273 antevertere
972 3196 1156 3285 debuerat,
1192 3211 1282 3288 erat,
1319 3209 1359 3273 ut
1442 3269 1444 3276 ,

340 3303 548 3393 ¹diligentins
571 3301 758 3375 haberetur
782 3318 817 3373 et
838 3303 989 3372 severius
1013 3303 1173 3371 iudicium
1195 3307 1231 3372 iu
1255 3303 1359 3397 secer«

346 3409 462 3476 uendit
479 3411 591 3474 nuruis
605 3410 689 3474 veris
712 3424 744 3475 et
759 3409 912 3496 genuinis
928 3427 947 3471 n
956 3403 1070 3501 salsis,
1088 3403 1239 3496 spuriis,
1265 3407 1358 3476 nilus·

305 3503 309 3510 ’
346 3511 484 3592 terseris,
520 3511 840 3578 cornruentitiis-nut
861 3527 1034 3599 perpetuen
1055 3511 1203 3598 acceptis.
1277 3511 1360 3596 Quo

282 3664 286 3674 .
345 3611 382 3682 in
406 3633 533 3700 genere
555 3610 623 3681 dici
649 3611 706 3699 virt¹
731 3607 855 3698 potest,
890 3631 992 3706 quam
1020 3601 1176 3680 socordes
1199 3619 1234 3680 et
1257 3613 1358 3696 tardi,

344 3736 450 3810 quatu
479 3712 572 3782 leves
602 3727 636 3784 et
663 3710 822 3799 creduli,
865 3733 969 3808 quarn
988 3711 1155 3799 proclives
1174 3715 1213 3782 ad
1234 3713 1358 3784 admit<

344 3818 468 3887 tendas
491 3813 712 3885 falsariorum·
730 3814 870 3885 fraudes
896 3826 955 3884 aut
977 3831 1146 3884 vanorum
1170 3815 1357 3888 hominum

342 3920 474 3990 somnia
490 3941 551 4004 per
567 3918 706 4007 longum
723 3927 860 4004 tempus
874 3915 1006 3985 fuerint
1019 3917 1086 3986 viri
1102 3917 1202 3988 docti.
1252 3916 1358 3990 Nihil

340 4037 459 4090 tamen
484 4020 582 4106 prius
606 4019 849 4116 antiquiusque
875 4017 937 4090 esse
959 4015 1126 4104 debebat,
1154 4039 1256 4115 quarn
1282 4043 1357 4090 cer·

340 4121 392 4192 t'as
417 4118 567 4192 habere
581 4121 714 4211 regulas
751 4134 787 4192 et
818 4121 1077 4210 praeceptiones
1101 4119 1357 4211 cognoscendae

336 4224 492 4296 veritatis
516 4244 633 4293 earum
653 4246 788 4300 rerunt,
815 4224 852 4292 in
875 4219 999 4318 quibus
1021 4243 1102 4312 opes
1123 4220 1356 4312 effundebant,

338 4329 563 4418 ingeniumve
589 4330 626 4401 in
642 4327 900 4418 interpretando
922 4335 957 4396 et
970 4319 1266 4450 illustrandos
1184 4348 1247 4400 con
1249 4327 1362 4412 stistte«¹
