3259 5242
363 569 430 622 arr
499 558 503 569 '

362 737 454 820 quae
469 693 539 788 uon
557 709 618 788 uis
634 735 678 786 es
693 709 763 806 ipsa
776 735 964 790 nemorum
980 712 1192 806 inspectione
1208 723 1245 792 et
1258 667 1382 794 tractass
1471 790 1474 801 ,

362 823 461 896 tione
485 818 617 908 percipi
642 817 795 908 possunt,
831 839 877 890 ex
904 817 1009 910 longo
1041 838 1227 894 numerum
1251 821 1313 893 uso
1340 823 1386 898 in·

361 931 505 1015 promtu
527 922 597 992 iam
630 919 695 992 esse
724 915 914 1010 debebant,
947 935 1131 1018 antequam
1163 921 1380 996 eduliorum
1478 973 1479 1002 l

245 1056 247 1067 ·
361 1033 551 1099 numerum
587 1021 867 1096 dilucidationem
911 1019 1026 1094 arceffi
1069 1035 1254 1114 poterant,
1294 1027 1381 1122 quid

310 1121 319 1136 ⁰
360 1130 456 1224 quod
484 1129 569 1197 haec
590 1130 732 1214 eadem,
757 1147 846 1224 quae
868 1145 914 1196 ex
937 1125 1274 1217 scriptoribueduota
1289 1129 1380 1217 sunt,
1411 1191 1418 1201 .

360 1241 458 1316 tanto
481 1226 665 1327 meliorem
686 1229 801 1302 nuruis
828 1226 941 1300 lucent
964 1227 1169 1312 effundunt,
1194 1227 1318 1304 licum
1335 1231 1380 1303 iis
1479 1261 1480 1302 l

360 1329 547 1406 coniuncta
571 1331 665 1416 sunt,
702 1352 792 1428 quae
822 1349 867 1402 ex
897 1334 1011 1404 numia
1036 1333 1168 1422 graecis
1190 1329 1381 1430 latinisque

285 1487 289 1495 1
325 1444 332 1460 ⁸
359 1436 537 1527 petuntur.
588 1437 643 1505 Ita
662 1431 851 1514 immuteris
872 1429 925 1506 his
948 1436 1062 1523 operis
1086 1435 1278 1524 praedicari
1301 1457 1382 1508 coe·
1480 1477 1481 1480 =

359 1557 444 1629 pere
460 1535 625 1609 utilitates
648 1533 748 1607 studii
771 1526 1005 1607 numismatici
1026 1537 1067 1606 ad
1093 1537 1276 1628 scriptores
1292 1559 1381 1636 quo-
1474 1561 1481 1598 -’

361 1661 431 1738 que
456 1633 605 1710 claffioos
633 1641 731 1709 etad
759 1635 900 1710 omnem
926 1637 1097 1710 eruditam
1123 1640 1381 1737 antiquitatem.

183 1741 186 1748 '
281 1767 284 1774 ·
360 1738 574 1829 eomplesns
596 1739 645 1810 est
672 1758 834 1832 magnam
856 1749 988 1829 partem
1007 1751 1042 1810 et
1060 1737 1231 1814 ambitum
1251 1741 1379 1816 harum

360 1840 539 1934 copiarum
553 1839 681 1915 Erech.
699 1843 928 1933 spanhemius
942 1843 979 1914 iu
996 1863 1102 1932 opere
1116 1843 1221 1918 huius
1236 1846 1381 1939 genesio

226 1998 230 2013 .
343 2033 346 2038 ⁵
358 1947 515 2039 principe
540 1948 581 2018 de
604 1945 664 2016 nsu
679 1955 714 2015 et
730 1941 934 2034 praestantia
955 1946 1223 2022 numismatum:
1250 1969 1321 2046 quo
1338 1949 1378 2024 iu

357 2043 450 2123 libro
473 2060 661 2143 utrumque
683 2045 847 2119 ellectum
871 2043 935 2133 est,
961 2059 1001 2118 ut
1020 2059 1073 2134 et,
1096 2069 1181 2144 quas
1196 2047 1381 2142 doctrinae

357 2153 475 2242 copias
488 2153 531 2222 ad
548 2169 673 2224 numos
688 2151 961 2241 interpretandos
977 2149 1012 2222 ln
1032 2159 1154 2240 parato
1172 2145 1302 2224 habere
1315 2167 1378 2226 ne·
1482 2131 1483 2162 ³

222 2269 226 2276 ‘
358 2253 444 2326 cesse
462 2249 519 2340 fit,
542 2263 593 2339 et,
618 2271 708 2349 quae
724 2274 769 2324 ex
781 2251 956 2324 numisad
972 2273 1112 2324 omnem
1129 2253 1375 2352 antiquitatem

235 2379 239 2388 ’
356 2357 525 2429 utilitates
542 2355 613 2444 peti
629 2349 758 2443 poffint,
779 2350 1005 2446 intelligatur.
1055 2355 1184 2426 Docuit
1198 2357 1265 2428 hoo
1279 2353 1374 2429 idem

355 2457 412 2543 ,vir
440 2453 646 2528 doctissumus
668 2453 837 2546 exemplis
860 2455 897 2528 in
919 2454 1051 2552 Juliani
1071 2454 1269 2530 Caesaribus
1293 2454 1375 2530 illu·

304 2591 309 2612 ¹
354 2556 501 2635 sinendis
516 2559 601 2632 etin
622 2557 892 2643 Commentario,
916 2579 985 2654 quo
999 2556 1205 2632 Callimachi
1221 2561 1373 2660 hymnos

218 2647 221 2654 ⁵
353 2661 534 2745 instruxit,
569 2659 762 2751 propositis.
840 2661 927 2730 Eam
960 2665 1202 2738 auctoritatem
1236 2662 1373 2758 sequuti

353 2765 432 2839 sunt
447 2761 516 2849 alii,
542 2775 582 2836 ut
597 2764 633 2834 in
649 2762 756 2834 Floro
772 2773 807 2833 et
821 2761 999 2850 Suetonio,
1020 2765 1124 2836 etiam
1139 2765 1257 2837 Benno
1275 2767 1371 2856 casp.

353 2863 536 3043 {³222ssssss
561 2867 597 2938 in
610 2863 841 2956 scriptoribus
855 2862 1030 2938 Historiae
1046 2869 1222 3004 Romanae
1231 2859 1372 2946 'Latinis

454 3173 613 3266 Magnus
629 3170 750 3266 utique
764 3169 921 3242 virorum
943 3170 1126 3240 doctorum
1142 3189 1308 3242 numerus
1323 3168 1370 3244 alr

299 3303 304 3312 ·
352 3271 422 3352 noc
444 3275 524 3347 inde
554 3287 713 3365 tempore
744 3273 876 3358 extitit,
916 3271 1035 3366 quiin
1061 3285 1212 3368 utroque
1237 3287 1370 3366 genere

250 3465 253 3472 Ι
352 3375 567 3464 elaboraret,
593 3391 633 3447 nt
654 3385 689 3446 et
710 3375 824 3444 nnmis
839 3375 1143 3461 interpretatione,
1169 3385 1204 3444 et
1220 3376 1370 3473 antiquis

349 3482 415 3555 tati
431 3481 545 3552 numia
565 3477 825 3567 comparandis,
850 3473 963 3548 lucem
979 3475 1214 3564 affundereut3
1242 3494 1370 3552 verunt

348 3585 437 3657 llaec
461 3579 631 3674 sigillatim
647 3579 813 3678 'persequi
827 3575 932 3650 nostri
948 3600 1018 3650 uon
1034 3575 1082 3648 est
1096 3575 1235 3651 consilii.
1289 3584 1369 3652 No·
1407 3627 1410 3636 ,

348 3683 403 3761 bis
429 3681 724 3757 commemorandi
748 3691 847 3750 erent
867 3691 1000 3750 tantum
1026 3679 1069 3765 ii,
1098 3679 1158 3774 qui
1174 3681 1304 3779 'aliquo
1328 3683 1379 3764 io·

349 3807 480 3884 genere
495 3800 554 3860 aut
570 3787 674 3878 primi
693 3794 753 3856 aut
767 3781 941 3875 principes
960 3783 1192 3854 eminuerunt

452 3995 567 4064 Omne
584 3978 813 4062 hocstudiuns
841 3977 1368 4074 numismatieurnsuperioribus'
1417 4029 1424 4042 ·

264 4130 269 4149 ι
345 4089 567 4185 temporibus
598 4085 827 4166 exercebatur
857 4093 898 4160 ad
929 4106 1056 4156 morem
1086 4085 1235 4182 aliquem
1260 4083 1368 4160 semel

347 4209 526 4291 receptum,
547 4197 688 4268 confilio
702 4191 797 4266 nullo
817 4211 861 4263 ex
877 4189 943 4278 ipsa
961 4211 1009 4273 re,
1036 4187 1096 4258 usu
1111 4200 1146 4260 et
1160 4188 1238 4276 fine,
1262 4203 1366 4279 capto

299 4338 304 4347 ,
340 4295 398 4372 sed
416 4301 625 4400 plerumque
643 4287 794 4376 allorum
809 4287 982 4385 exemplo,
1004 4289 1067 4390 qui
1081 4305 1146 4368 tteo
1160 4291 1221 4390 ipss
1234 4293 1367 4368 indicio
