3259 5242
1191 577 1267 628 xm

245 715 529 803 berthoniam
579 700 772 798 Enimvero
804 731 843 799 ut
868 731 962 799 recle
987 720 1116 820 aliquid
1136 719 1202 798 hac
1224 727 1267 796 de
1392 795 1397 812 ,

244 848 289 898 re
308 829 462 918 praecipi
480 824 606 916 posset,
630 841 735 912 ¹amtea
747 825 848 914 plura
870 841 968 898 erant
983 825 1098 916 paullo
1111 827 1266 900 curatius
1378 889 1381 898 .

247 929 479 1022 dispicienda,
516 951 606 1025 quae
627 933 671 1000 ad
701 951 890 1002 nemorum
914 929 1111 1012 materiem,
1137 946 1172 1000 et
1198 931 1268 1016 sor·

245 1054 368 1115 mam,
393 1044 430 1101 et
450 1043 563 1102 artem
591 1053 651 1102 eos
676 1033 907 1120 procudendi,
934 1033 1105 1120 spectant,
1132 1032 1167 1102 in
1193 1033 1265 1128 qui·

244 1132 316 1228 bus
331 1134 456 1228 utique
470 1135 691 1221 praeiverunt
706 1135 821 1214 Savot,
847 1131 974 1220 uiuet,
1000 1133 1070 1218 alii,
1095 1145 1169 1204 tum
1186 1135 1265 1204 scri·
1316 1155 1328 1176 ·

141 1224 143 1241 '
225 1252 390 1326 ptores,
417 1237 536 1330 quide
553 1248 671 1306 vetere
690 1236 838 1324 pecunia
853 1257 966 1328 egere.
1020 1241 1138 1332 thue
1157 1237 1192 1306 in
1211 1235 1271 1309 lit·.

246 1345 411 1412 terarum
428 1350 463 1406 et
479 1339 605 1408 artium
619 1335 850 1428 intelligentia
866 1339 1030 1410 continuo
1047 1335 1162 1432 aliquo
1194 1340 1274 1428 vin·⁸

246 1439 330 1524 culo
347 1439 534 1510 coniuncta
550 1437 615 1522 esse
633 1437 743 1509 solent
756 1441 847 1510 iuter
864 1441 895 1512 se
911 1443 1039 1525 omnia,
1066 1440 1165 1510 duxit
1182 1441 1275 1512 haec

192 1545 197 1552 “
247 1542 320 1631 ipsa
334 1542 462 1621 notitia
475 1543 517 1612 ad
531 1540 617 1628 alia,
642 1543 786 1638 quaein
803 1546 973 1630 pondere,
1000 1539 1127 1626 valore,
1152 1541 1274 1632 pretio'.

249 1646 310 1717 seu
328 1643 470 1725 interno
493 1643 554 1714 seu
578 1655 777 1732 comparato
805 1645 995 1728 versantur,
1021 1643 1268 1718 constituenda.

252 1751 405 1836 Apertus
429 1746 478 1814 ita
503 1743 549 1815 cll
568 1767 713 1837 campus
738 1746 942 1818 notitiarum
969 1761 1005 1817 et
1029 1744 1271 1841 quaestionum
1302 1774 1305 1784 ¹

243 1851 296 1923 ad
316 1844 514 1937 historiam,
541 1845 734 1943 physicam,
759 1846 938 1938 politicam
956 1863 990 1922 et
1006 1849 1143 1920 civilem
1160 1849 1266 1920 scieu-

246 1951 336 2022 tiatn
352 1949 577 2038 spectantium
595 1945 785 2035 utillimus,
812 1973 916 2046 quem
942 1955 1094 2025 noudum
1113 1973 1266 2045 quaqua·
1378 2026 1382 2034 ,

247 2053 390 2126 versum
422 2063 606 2142 pervagata
635 2049 681 2120 est
702 2053 858 2122 virorum
887 2055 1068 2125 doctorum
1090 2051 1269 2138 industria,

197 2193 203 2200 -
249 2151 315 2224 etsi
341 2149 453 2222 multa
481 2156 523 2224 de
558 2152 614 2224 his
647 2147 762 2242 paffim
797 2156 964 2244 disputata
991 2155 1067 2259 sunt
1090 2156 1268 2244 praeclare

248 2253 321 2344 (ita
343 2253 464 2342 velim,
499 2267 539 2329 ut
560 2251 841 2351 existataliquis,
867 2259 927 2352 qui
953 2258 1090 2347 imperii
1115 2257 1276 2345 Romani

250 2359 496 2440 decrementa,
507 2355 719 2447 'gliscentem
734 2359 888 2448 inopiam
909 2370 1105 2430 ut-ruentes
1122 2363 1164 2430 ad
1182 2362 1269 2432 intc-

251 2462 363 2533 ritum
384 2481 439 2530 res
461 2447 509 2528 'ert
534 2458 610 2549 ipfis
637 2482 825 2532 cuntorum
849 2459 1055 2554 corruptelis
1085 2465 1163 2538 data
1190 2485 1269 2550 ope·
1343 2489 1345 2498 ⁴
1372 2461 1377 2472 '

251 2587 294 2635 ra
314 2563 567 2659 prosequatur).
601 2564 735 2634 Verum
749 2555 968 2637 redeundum
980 2562 1026 2634 esi
1042 2567 1084 2634 ad
1104 2587 1154 2644 ea,
1181 2585 1269 2660 quae
1351 2595 1353 2600 ·

252 2665 452 2738 numariam
472 2687 546 2734 rem
567 2666 707 2753 propius
728 2666 912 2756 attingunt,
939 2679 974 2736 et
997 2667 1033 2738 iu
1055 2667 1106 2736 his
1129 2666 1270 2762 quidem

254 2771 411 2837 criticam
431 2770 727 2847 numismaticum,
758 2769 906 2862 quaein
931 2767 1133 2866 hoclstutlio
1164 2769 1278 2858 inpria.

254 2862 489 2958 mis'regnare
505 2865 661 2938 debebat.
712 2870 851 2942 Primus
866 2871 902 2940 in
917 2891 975 2953 ea,
1001 2865 1024 2939 sl
1044 2867 1131 2940 bene
1148 2874 1271 2940 memi-
1346 2861 1349 2873 '

160 2958 170 2972 ’
254 2971 315 3051 ni,
343 2992 472 3060 nomen
489 2969 626 3066 aliquod
643 2967 772 3047 habere
791 2971 906 3059 coepit
919 2977 994 3074 Foy
1011 2969 1181 3060 Vaillant,
1210 2970 1272 3044 etsi

255 3073 330 3163 ipse
354 3073 444 3141 haud
467 3095 547 3143 rato
566 3074 602 3142 iu
625 3072 782 3144 fraudem
807 3074 984 3158 inductum
1024 3072 1136 3144 nostra
1158 3085 1271 3144 aetate

255 3169 533 3266 praestantissimi
554 3171 641 3258 riri,
680 3175 845 3266 inprimis·
856 3173 989 3246 Eckhel
1014 3189 1048 3244 et
1069 3181 1271 3265 Neumann,

257 3269 481 3350 intentiffima
504 3272 540 3347 iu
564 3278 717 3346 criticam
742 3299 929 3348 numerum
948 3273 1099 3350 habuere
1114 3279 1275 3366 ingenim·

259 3378 405 3467 collegit
431 3401 570 3475 quoque
592 3390 776 3469 praecepta
803 3381 845 3450 de
876 3381 1102 3454 discernendis
1123 3382 1213 3456 veris
1239 3373 1281 3466 et‘¹

261 3479 468 3554 adulterinis
489 3482 667 3555 sseauvnis.

367 3685 458 3752 Cum
481 3682 522 3752 ad
542 3683 851 3772 interpretationem
873 3703 1053 3754 numerum
1079 3705 1148 3756 non
1173 3684 1278 3754 modo

260 3784 361 3856 varia
386 3797 420 3854 et
443 3785 609 3882 exquifita
631 3807 674 3856 ex
701 3781 921 3872 scriptoribus
945 3789 1075 3876 graecis
1092 3777 1283 3880 latinisque

265 3899 302 3956 et
324 3892 427 3956 docta
450 3908 571 3956 eorum
594 3889 878 3974 interpretatione
899 3889 1080 3982 omnisque
1097 3893 1280 3982 antiquita·
1327 3969 1332 3976 ,

264 3990 311 4058 tie
343 3991 509 4059 interiore
539 3989 736 4079 cognitione
769 4003 904 4078 parata,
955 3989 1121 4071 eruditio,
1159 3995 1280 4060 ierom

267 4091 375 4162 etiam
400 4091 524 4186 multa,
554 4095 598 4160 eit
623 4089 836 4186 ipfisuuumis
864 4093 1070 4177 haurienda,
1104 4093 1283 4186 requirens

266 4202 346 4264 tur.-
377 4214 500 4262 numus
525 4193 771 4282 interpretandi
794 4193 1051 4288 facultatem‘et
1074 4209 1184 4264 artem
1210 4215 1280 4265 non
1316 4197 1318 4201 ’

266 4291 331 4368 uisi
355 4295 462 4366 senua
481 4297 601 4388 persici
623 4297 765 4402 potuisse
781 4295 884 4375 facile
902 4309 1072 4390 appnretp
1111 4297 1160 4368 Ea
1176 4297 1283 4378 euim,
1355 4303 1376 4370 “.
